Record 1
LDR  01113nam  2200289   4500
005  20090626144055.3
008  831129 1978    utu                 eng d
010       $a    79319090
035       $a (OCoLC) 213982191
035       $a GLADN33555856
079       $a 4287248
090       $d p $a F1219 $b .D51
090       $a F1219 $b .D53
100  10   $a Dibble, Charles E.
245  14   $a The conquest through Aztec eyes / $c delivered at the University of Utah, Wednesday, April 26, 1978, by Charles E. Dibble
260  0    $a Salt Lake City : $b Published by the University of Utah Press for the Frederick William Reynolds Association, $c 1978
300       $a 28 p. : $b ill. ; $c 23 cm
490  1    $a The annual Frederick William Reynolds lecture ; $v 41
500       $a BER: NO 001 FIELD; REJECT (07/09).
650   0   $a Aztecs $x Wars.
650   0   $a Aztecs $x Philosophy.
651   0   $a Mexico $x History $y Conquest, 1519-1540.
752       $a United States $b Utah $d Salt Lake City
840   0   $a Frederick William Reynolds memorial lecture ; $v 41
852       $a CU $b tb9p $h F1219 $i .D51 $k p
852       $a CU $b an $h F1219 $i .D53
998       $a tb $a an $b 831129 $c m $d a $e - $f eng $g utu $h 4 $i 2

Record 2
