LDR  01073nam  2200253   4500
001  UCXb102650135
005  20090626144055.3
008  831129 1979    azu          s      eng d
010       $a    79623804
035       $a (OCoLC) 213982193
035       $a GLADN33555857
079       $a 5801662
090       $d pf $a E97.65.A6 $b .I52 1978
111  20   $a Indian Town Hall, $n 6th, White Mountain Apache Reservation, $d 1978
245  10   $a Reservation school districts : $b report of the 6th Annual Indian Town Hall held at Sunrise Park Hotel, White Mountain Apache Reservation, December 6-7, 1978
260  0    $a [Phoenix] : $b Arizona Commission of Indian Affairs, $c 1979]
300       $a v, 70 p. ; $c 28 cm
500       $a BER: 001 FIELD DOES NOT BEGIN UCb - REJECT (07/09).
650   0   $a Indians of North America $x Education $z Arizona $v Congresses.
650   0   $a Indians of North America $x Education $z Arizona $v Congresses.
710  10   $a Arizona Commission of Indian Affairs.
752       $a United States $b Arizona $d Phoenix
852       $a CU $b tb94 $h E97.65.A6 $i .I52 1978 $k pf
998       $a tb $b 831129 $c m $d a $e - $f eng $g azu $h 0 $i 1

Record 3
