LDR  01218nam  2200289   4500
001  UCb102650147
005  20090626144055.3
008  831129 1965    gt           f      spa d
010       $a    79105982
035       $a (OCoLC) 213982195
035       $a GLADN33555858
079       $a 5490432
090       $d pf $a F1462 $b .G29
100  10   $a Gall, Francis.
245  10   $a Contribuciâon a los nombres geogrâaficos de Guatemala / $c [Francis Gallè
260  0    $a [Guatemalaè : $b Ministerio de Comunicaciones y Obras Pâublicas, Instituto Geogrâafico Nacional, $c [1965?è
300       $a 60 p. : $b 2 maps ; $c 28 cm
500       $a BER: 2 INPUT 852 FIELDS; 1ST HAS SUBFLD b, 2ND DOES NOT. USE 1ST 852 FIELD ONLY. OUTPUT BER IN SUBFLD a, LOC CODE IN SUBFLD b (07/09).
500       $a OUTPUT 901 FIELD WITH BER IN SUBFLD a. CREATE LOCAL NUM BY DROPPING INITIAL UCb AND OUTPUTTING REMAINDER IN SUBFLD b.
500       $a DROP INPUT 9XX FIELDS.
504       $a Includes bibliographical references
650   0   $a Names, Geographical $z Guatemala.
710  20   $a Comisiâon Mixta de Nombres Geogrâaficos
752       $a Guatemala $d Guatemala
852       $a CU $b tb94 $h F1462 $i .G29 $k pf
852       $a CU $h F1462 $i .G29 (2ND 852) $k pf
998       $a tb $b 831129 $c m $d a $e - $f spa $g gt  $h 0 $i 1

Record 4
