LDR  00834nam  2200241   4500
001  UCb102650160
005  20090626144055.3
008  831129 18501980nyu                 eng d
035       $a (OCoLC) 213982199
035       $a GLADN33555860
079       $a 1985878
090       $d p $a PN6157.K6 $b .B94
245  00   $a Bunker hill songster. Containing national and patriotic songs. As sung by the principal vocalists
260  0    $a New-York, $b Murphy $c [185-?]
300       $a 1 p. l., 5-34 p. $b illus. $c 12 cm
500       $a BER: DROP INPUT 005; FORCE OUTPUT 005 FROM FILE DATE (07/09).
500       $a Without music
500       $a Koundakjian collection
650   0   $a Ballads, English $z United States.
740  01   $a Popular songs
752       $a United States $b New York $d New York
852       $a CU $b tb9p $h PN6157.K6 $i .B94 $k p
998       $a tb $b 831129 $c m $d a $e - $f eng $g nyu $h 0 $i 1

Record 6
