LDR  00711dXX  2200205   4500
001  UCb102650184
005  20090626144055.3
008  831129 1874    nyu                 eng d
035       $a (OCoLC) 213982203
035       $a GLADN33555862
079       $a 21702877
090       $d p $a PN6157.K6 $b .C323l 1874a
100  10   $a Carter, John Henton.
260  0    $a [New York? : $b s.n., $c 1874]
300       $a 65 p. : $b ill. ; $c 22 cm
500       $a BER: DELETE RECORD HAS INVALID TYPE AND BIBLVL, NO 245, UNKNOWN LOC CODE; OUTPUT DELETE REC WITH NO 998 ERROR FIELDS (07/09).
500       $a Disbound copy
752       $a United States $b New York $d New York
852       $a CU $b tXXp $h PN6157.K6 $i .C323l 1874a $k p
998       $a tb $b 831129 $c m $d a $e - $f eng $g nyu $h 0 $i 1

Record 8
LDR  00805nXX  2200241   4500
001  UCb102650196
005  20090626144055.3
008  831129 1865    enk                 eng d
035       $a (OCoLC) 213982205
035       $a GLADN33555863
079       $a 21702885
090       $a PN6157.K6 $b .M35
260  0    $a London : $b F. Warne, $c 1865
300       $a 256 p. $c 17 cm
490  0    $a S.O. Beeton's books
500       $a BER: REC HAS INVALID TYPE AND BIBLVL, NO 245, UNKNOWN LOC CODE; OUTPUT WITH 4 998 ERROR FIELDS (07/09).
500       $a Original paper wrappers; in case
650   0   $a American wit and humor.
700  10   $a Smith, Seba, $d 1792-1868.
700  10   $a Davis, Charles Augustus, $d 1795-1867.
752       $a Great Britain $b England $d London
852       $a CU $b tbX $h PN6157.K6 $i .M35
998       $a tb $b 831129 $c m $d a $e - $f eng $g enk $h 0 $i 1

Record 9
