LDR  01277nam  2200265   4500
001  UCb102650202
005  20090626144055.3
008  831129 1979    cau                 eng d
035       $a (OCoLC) 213982207
035       $a GLADN33555864
079       $a 21702995
090       $d p $a PS3507.O73277 $b .Z475
100  10   $a Dorn, Edward.
245  10   $a Interviews / $c Edward Dorn ; edited by Donald Allen
260  0    $a Bolinas, Calif. : $b Four Seasons Foundation, $c c1979
300       $a 117 p. ; $c 22 cm
490  1    $a The Writing series ; $v 38
500       $a BER: OUTPUT 852 SUBFLD a AS BER; OUTPUT 852 SUBFLDS b THROUGH z AS DIRECTED FROM INPUT 852; OUTPUT 852 SUBFLD 3 AS IS (07/09).
600  10   $a Dorn, Edward $v Interviews
650   0   $a American literature $x History and criticism.
700  10   $a Allen, Donald E.
752       $a United States $b California $d Bolinas
840  00   $a Writing ; $v 38
852       $a CU1 (DROP) $a CU2 (DROP) $b tb9p $b tb (DROP) $c 1ST c $c 2ND c $e 1ST e $e 2ND e $f 1ST f $f 2ND f $g 1ST g $g 2ND g $h PS3507.O73277 $h 2ND h (DROP) $i .Z475 $i 2ND i $j 1ST j $j 2ND j (DROP) $k p $k 2ND k $l 1ST l $l 2ND l (DROP) $m 1ST m $m 2ND m $n 1ST n $n 2ND n $p 1ST p $p 2ND p (DROP) $q 1ST q $q 2ND q (DROP) $s 1ST s $s 2ND s $t 1ST t $t 2ND t (DROP) $x 1ST x $x 2ND x $z 1ST z $z 2ND z $3 OUTPUT AS IS $3 2ND 3 (DROP)
998       $a tb $b 831129 $c m $d a $e - $f eng $g cau $h 0 $i 1

Record 10
