LDR  02705nas  2200577 a 4500
001  UCb102750129
005  20090626144055.3
007  cr unu
008  840120d19521991nyusr1p       0   a0engo 
010       $a    56038311 $z sn 78000651
019       $a 2257085 $a 1478782
022       $a 0568-5230
030       $a BACCAT
035       $a (OCoLC) 214654550
035       $a RLINCUBG10031108-S
035       $a (SFXObjID)954928581843
035       $a GLADN33614166
040       $a NLM $c NLM $d NSD $d HUL $d RCS $d AIP $d NSD $d AIP $d OCL $d NSD $d NST $d CAS $d NST $d FUG $d NSD $d WAU $d EYM $d DLC $d OCLCQ
041  1    $a eng $h rus
042       $a nsdp $a lc
050  00   $a QD1 $b .A38143
060  00   $a W1 $b BU84S
079       $a 1375830
082  10   $a 540 $2 12
090       $a QD1.A42 $b E6
090       $a QD1
130  0    $a Izvestiëiìa Akademii nauk SSSR. Seriëiìa khimicheskaëiìa. $l English
210  0    $a Bull. Acad. Sci. USSR, Div. Chem. Sci
222   0   $a Bulletin of the Academy of Sciences of the USSR, Division of Chemical Sciences
245  00   $a Bulletin of the Academy of Sciences of the USSR, Division of Chemical Science
260       $a New York : $b Consultants Bureau, $c -c1992
300       $a 40 v. : $b ill. ; $c 28 cm
310       $a Semimonthly
362  0    $a Jan./Feb. 1952-v. 40, no. 12, pt. 2 (Dec. 1991)
500       $a BER: SERIALS REC HAS 2 852s, EACH FOLLOWED BY 1 856; OUTPUT BOTH 856 FIELDS AFTER THE 2 852 FIELDS (07/09).
530       $a Some issues, including those published under later titles, also issued online
580       $a Translated from the Russian: Izvestiëiìa Akademii nauk SSSR. Otdelenie khimicheskikh nauk, 1952-1963; Izvestiëiìa Akademii nauk SSSR. Seriëiìa khimicheskaëiìa, 1963-1991
599       $a Retrospective SCAT file April 2007.
650   0   $a Chemistry $v Periodicals.
655   7   $a Online resources. $2 local
710  2    $a Akademiëiìa nauk SSSR.
710  2    $a Consultants Bureau.
765  1    $t Izvestiëiìa Akademii nauk SSSR. Otdelenie khimicheskikh nauk $w (DLC)   87645668 $w (OCoLC)8514275
765  1    $t Izvestiëiìa Akademii nauk SSSR. Seriëiìa khimicheskaëiìa $x 0002-3353 $w (DLC)   87645669 $w (OCoLC)9261446
785  00   $t Bulletin of the Russian Academy of Sciences, Division of Chemical Science $x 1063-5211 $w (DLC)   93645858 $w (OCoLC)26049442
793  0    $a SpringerLink online journals. $g i
852       $a CU $b wb $h QD1
856  41   $3 v.1(1952)-v.40(1991). $z SpringerLink. Restricted to UC campuses $x SCP UCSD $u http://uclibs.org/PID/95455
852       $a CU $b ch $h QD1.A42 $i E6 $3 1952, 1955-1966, 1967:2-1983; v.33(1984)-40(1991)//
856  41   $3 v.41(1992)-v.49(2000). $z SpringerLink. Restricted to UC campuses $x SCP UCSD $u http://uclibs.org/PID/95455
998       $a (42)nbch $a (71)ch $a wb $a (53)nfge $a ze $b 840120 $c s $d a $e - $f eng $g nyu $h 0 $i 168

Record 13
