LDR  02645nas  2200673   4500
001  UCb102750221
005  20090626144055.3
007  cr unu
008  840120c19259999moumr1p       0   a0eng d
010       $a a  38001186
022  0    $a 0002-8703
030       $a AHJOA2
035       $a (OCoLC) 214654800
035       $a (SFXObjID)954925376879
035       $a GLADN33614219
040       $a MUL $c MUL $d NSD $d OCL $d NSD $d OCL $d DLC $d NSD $d SER $d AIP $d NSD $d AIP $d HUL $d NLM $d NST $d HUL $d NST $d NSD $d SYS $d OCLCQ $d MUQ $d CUS $d OCL $d CLU
042       $a nsdp $a lc
050  00   $a RC681.A1 $b A58
060  00   $a W1 $b AM423
079       $a 1479953
082       $a 616.1/2/005
090       $a RC681.A1 $b A6
090       $a RC681.A1
099       $b UNCL
210  0    $a Am. heart j
222   4   $a The American heart journal
245  04   $a The American heart journal
246  13   $a AHJ $b <Mar. 2005->
260       $a St. Louis, $b Elsevier [etc.]
300       $a v. $b ill., tables, diagrs. $c 27 cm
310       $a Monthly, $b <Oct. 1977->
321       $a Bimonthly, $b 1926-
362  0    $a v. 1- Oct. 1925-
500       $a BER: 4 INPUT 852 FIELDS FOLLOW 2 856 FIELDS; OUTPUT BOTH 856 FIELDS AFTER THE 4 852 FIELDS (07/09).
500       $a Editor: Oct. 1925-<Dec. 1935> L.A. Conner
500       $a Published: Mosby, <1977->
520       $a Includes "Department of reviews and abstracts."
525       $a Has occasional supplements
530       $a Also issued online
550       $a Vols. for 1925-49 issued by the American Heart Association
580       $a Indexed by: Combined cumulative index to cardiology
599       $a Retrospective SCAT file April 2007.
650   0   $a Heart $x Diseases $x Periodicals.
655   7   $a Online resources. $2 local
700  1    $a Conner, Lewis Atterbury, $d 1867-
710  2    $a American Heart Association.
776  1    $t American heart journal (Online) $x 1097-6744 $w (DLC)sn 98005930 $w (OCoLC)38232790
787  1    $t Combined cumulative index to cardiology $w (DLC)sn 84002836
793  0    $a MD Consult online journals. $g a
793  0    $a ScienceDirect online journals. $g a
856  41   $3 v.125(1995)- $z MD Consult. Restricted to UCD, UCI, UCLA, UCR, UCSF, and UCSD $x SCP UCSD $u http://uclibs.org/PID/100664
856  41   $3 v.1(1925)- $z ScienceDirect. Restricted to UC campuses $x SCP UCSD $u http://uclibs.org/PID/38031
852       $a CU $b wb $h RC681.A1
852       $a CU $b pu9u $j UNCL
852       $a CU $b bi $h RC681.A1 $i A6 $3 BOUND 1:1(Oct. 1925), 3:4-3:5, 5:1-2, 6:1-2, 7-8:3, 9-120(1990)
852       $a CU $b pu $3 WITHDRAWN
891  12   $9 853 $8 1 $a v. $b no. $u 06 $v r $i (year) $j (month) $x 01,07
891  40   $9 863 $8 1 $a <1>- $i <1925>- $x provisional
998       $a (165)bi $a wb $a (2)pu $b 840120 $c s $d a $e - $f eng $g mou $h 4 $i 168

